@article{BaderMoretYan*2001,
  author    = {D. A. Bader and B. M. E. Moret and M. Yan},
  title     = {A Linear-Time Algorithm for Computing Inversion Distance
               between Signed Permutations with an Experimental Study},
  journal   = {Journal of Computational Biology},
  volume    = {8},
  number    = {5},
  year      = {2001},
  pages     = {483-491},
  bibsource = {DBLP, http://dblp.uni-trier.de}
}

@Article{BafnaPevzner*1995,
 author = {V. Bafna and P. A. Pevzner},
 title = {Sorting by {R}eversals: {G}enome {R}earrangements in plant and
                  organelles and evolutionary history of {X}
                  chromossome.},
 journal = {Molecular Biology and Evolution},
 volume = {12},
 number = {2},
 year = {1995},
 pages = {239--246},
}

@Article{BafnaPevzner*1996,
 author = {V. Bafna and P. A. Pevzner},
 title = {Genome Rearrangements and Sorting by Reversals},
 journal = {SIAM Journal on Computing},
 volume = {25},
 number = {2},
 year = {1996},
 issn = {0097-5397},
 pages = {272--289},
 doi = {http://dx.doi.org/10.1137/S0097539793250627},
 publisher = {Society for Industrial and Applied Mathematics},
 address = {Philadelphia, PA, USA},
}

@article{BafnaPevzner*1998,
 author = {V. Bafna and P. A. Pevzner},
 title = {Sorting by Transpositions},
 journal = {SIAM Journal on Discrete Mathematics},
 volume = {11},
 number = {2},
 year = {1998},
 issn = {0895-4801},
 pages = {224--240},
 doi = {http://dx.doi.org/10.1137/S089548019528280X},
 publisher = {Society for Industrial and Applied Mathematics},
 address = {Philadelphia, PA, USA},
}

@article{Bergeron*2005,
 author = {A. Bergeron},
 title = {A very elementary presentation of the {H}annenhalli-{P}evzner theory},
 journal = {Discrete Applied Mathematics},
 volume = {146},
 issue = {2},
 month = {March},
 year = {2005},
 issn = {0166-218X},
 pages = {134--145},
 publisher = {Elsevier Science Publishers B. V.},
 address = {Amsterdam, The Netherlands, The Netherlands},
} 

@inproceedings{BermanHannenhalliKarpinski*2002,
 author={P. Berman and S. Hannenhalli and M. Karpinski},
 title = {1.375-Approximation Algorithm for Sorting by Reversals},
 booktitle = {Proceedings of the 10th Annual European Symposium on Algorithms (ESA'2002)},
 year = {2002},
 isbn = {3-540-44180-8},
 pages = {200--210},
 numpages = {11},
 url = {http://portal.acm.org/citation.cfm?id=647912.740832},
 acmid = {740832},
 publisher = {Springer-Verlag},
 address = {London, UK, UK},
}

@article{BulteauFertinRusu*2010,
  author = {L. Bulteau and G. Fertin and I. Rusu},
  title = {Sorting by Transpositions is Difficult},
  journal = {Computing Research Repository},
  volume = {abs/1011.1157},
  year = {2010},
  ee = {http://arxiv.org/abs/1011.1157},
}

@inproceedings{Caprara*1997,
 author = {A. Caprara},
 title = {Sorting by reversals is difficult},
 booktitle = {Proceedings of the first annual
                  international conference on Computational molecular
                  biology (RECOMB'97)},
 year = {1997},
 isbn = {0-89791-882-7},
 pages = {75--83},
 location = {Santa Fe, New Mexico, United States},
 doi = {http://doi.acm.org/10.1145/267521.267531},
 publisher = {ACM},
 address = {New York, NY, USA},
}

@inproceedings{Christie*1998,
 author = {D. A. Christie},
 title = {A 3/2-approximation algorithm for sorting by reversals},
 booktitle = {Proceedings of the ninth annual ACM-SIAM symposium on Discrete algorithms},
 series = {SODA '98},
 year = {1998},
 isbn = {0-89871-410-9},
 location = {San Francisco, California, United States},
 pages = {244--252},
 numpages = {9},
 url = {http://dl.acm.org/citation.cfm?id=314613.314711},
 acmid = {314711},
 publisher = {Society for Industrial and Applied Mathematics},
 address = {Philadelphia, PA, USA},
} 


@Article{DiasDias*2009,
 author = {U. Dias and Z. Dias},
 title = {Constraint Programming Models for Transposition Distance
                  Problem},
 journal = {Lecture Notes on Bioinformatics},
 year = {2009},
 volume = {5676},
 pages = {13--23},
 location = {Porto Alegre, Brazil},
 publisher = {Springer-Verlag},
 address = {Berlin, Heidelberg},
}

@InProceedings{DiasSouza*2007,
 author = {Z. Dias and C. de Souza},
 title = {Polynomial-size {ILP} Models for Rearrangements Distance
                  Problems},
 booktitle = {Proceedings of the Brazilian Symposium on Bioinformatics (BSB'2007)},
 pages = {74--85},
 year = {2007},
}

@article{EliasHartman*2006,
 author = {I. Elias and T. Hartman},
 title = {A 1.375-Approximation Algorithm for Sorting by Transpositions},
 journal = {IEEE/ACM Transactions on Computational Biology Bioinformatics},
 volume = {3},
 number = {4},
 year = {2006},
 issn = {1545-5963},
 pages = {369--379},
 doi = {http://dx.doi.org/10.1109/TCBB.2006.44},
 publisher = {IEEE Computer Society Press},
 address = {Los Alamitos, CA, USA},
}

@article{GuPengSudbourough*1999,
 author = {Q.-P. Gu and S. Peng and H. Sudborough},
 title = {A 2-approximation algorithm for genome rearrangements by reversals and transpositions},
 journal = {Theor. Comput. Sci.},
 issue_date = {Jan. 17, 1999},
 volume = {210},
 number = {2},
 month = jan,
 year = {1999},
 issn = {0304-3975},
 pages = {327--339},
 numpages = {13},
 url = {http://dx.doi.org/10.1016/S0304-3975(98)00092-9},
 doi = {10.1016/S0304-3975(98)00092-9},
 acmid = {297765},
 publisher = {Elsevier Science Publishers Ltd.},
 address = {Essex, UK},
 keywords = {approximation algorithms, computational molecular biology, genome rearrangements, lower bound, sequence comparision, sorting of permutations},
} 

@Article{HannenhalliChappeyKooninPevzner*1995,
title = {Genome Sequence Comparison and Scenarios for Gene
                  Rearrangements: a Test Case},
author = {S. Hannenhalli and C. Chappey and E. V. Koonin and
                  P. A. Pevzner},
journal={Genomics},
year={1995},
volume={30},
pages={299--311},
}

@InProceedings{HannenhalliPevzner*1995,
 author={S. Hannenhalli and P. A. Pevzner},
 title={Transforming cabbage into turnip (polynomial algorithm for
                  sorting signed permutations by reversals)},
 booktitle={Proceedings of the Twenty-Seventh Annual ACM Symposium on
                  the Theory of Computing (STOC'95)},
 year = {1995},
 isbn = {0-89791-718-9},
 location = {Las Vegas, Nevada, United States},
 pages = {178--189},
 numpages = {12},
 url = {http://doi.acm.org/10.1145/225058.225112},
 doi = {http://doi.acm.org/10.1145/225058.225112},
 acmid = {225112},
 publisher = {ACM},
 address = {New York, NY, USA},
}

@Article{Labarre*2006,
title = {New Bounds and Tractable Instances for The Transposition
                  Distance},
author = {A. Labarre},
journal={IEEE/ACM Trans. Comput. Biol. Bioinformatics},
year={2006},
volume={3},
number={4},
pages={380--394},
}

@Article{LinXue*1999,
 author = {G.-H. Lin and G. Xue},
 title = {{S}igned Genome Rearrangement by Reversals and Transpositions:
                  {M}odels and Approximations},
 journal = {Lecture Notes in Computer Science},
 year = {1999},
 volume = {1627},
 pages = {71--80},
 publisher = {Springer Berlin},
 address = {Berlin, Heidelberg},
}

@InProceedings{MeidanisWalterDias*1997,
 author = {J. Meidanis and M. E. M. T. Walter and Z. Dias},
 title = {Transposition Distance Between a Permutation and its
                  Reverse},
 booktitle = {Proceedings of the 4th South American Workshop on String
                  Processing (WSP'97)},
 editor = {R. Baeza-Yates},
 year = {1997},
 pages = {70--79},
 publisher = {Carleton Univertity Press},
 address = {Valparaiso, Chile},
}

@TechReport{MeidanisWalterDias*2000,
 author = {J. Meidanis and M. E. M. T. Walter and Z. Dias},
 title = {Reversal Distance of signed Circular Chromosomes},
 number = {IC-00-23},
 institution = {Institute of Computing, University of Campinas},
 month = {December},
 year = {2000},
}

@Article{MeidanisWalterDias*2002,
 author = {J. Meidanis and M. E. M. T. Walter and Z. Dias},
 title = {A Lower Bound on the Reversal and Transposition Diameter},
 journal = {Journal of Computational Biology},
 volume = {9},
 number = {5},
 year = {2002},
 pages = {743-746},
 bibsource = {DBLP, http://dblp.uni-trier.de},
}

@Article{PalmerHerbon*1988,
 title = {Plant mitochondrial {DNA} evolves rapidly in structure, but
                  slowly in sequence},
 author = {J. D. Palmer and L. A. Herbon},
 journal = {Journal of Molecular Evolution},
 year = {1988},
 volume = {27},
 pages = {87--97},
}

@InProceedings{TannierSagot*2004,
 author = {E. Tannier and M.-F Sagot},
 title = {Sorting by Reversals in Subquadratic Time},
 booktitle = {Proceedings of Combinatorial Pattern Matching (CPM'2004)},
 year = {2004},
 pages = {1--13},
 address = {Istambul, Turkey},
}

@InProceedings{WalterDiasMeidanis*1998,
 author = {M. E. M. T. Walter and Z. Dias and J. Meidanis},
 title = {Reversal and transposition distance of linear chromosomes},
 booktitle = {Proceedings of the String Processing and Information
                  Retrieval (SPIRE'98)},
 year = {1998},
}

@Book{SetubalMeidanis*1997,
 author = {J. C. Setubal and J. Meidanis},
 title = {Introduction to Computional Molecular Biology},
 booktitle = {Proceedings of the Seventh Workshop on Algorithms and
                  Data Structures (WADS'01)},
 publisher = {PWS Publishing Company},
 year = {1997},
}

@Book{Marriott*1998,
 author = "K. Marriott and P. J. Stuckey",
 title = "Programming with constraints: an introduction",
 publisher = "MIT Press",
 keywords = "logic programming, constraint satisfaction, graph theory,
                  honours reading",
 year = "1998",
}

@book{AptWallace*2007,
 author = {K. Apt and M. Wallace},
 title = {Constraint Logic Programming using Eclipse},
 year = {2007},
 publisher = {Cambridge University Press},
 address = {New York, NY, USA},
}

@ONLINE{eclipse*2009,
  author = {},
  title = {The {ECL}i{PS}e {C}onstraint {P}rogramming {S}ystem},
  month = {March},
  year = {2009},
  howpublished = {\url{http://www.eclipse-clp.org/}},
}

@ONLINE{glpk*2010,
  author = {},
  title = {GLPK ({GNU} {L}inear {P}rogramming {K}it)},
  year = {2010},
  howpublished = {\url{http://www.gnu.org/software/glpk/}},
}

@Book{Wolsey*1998,
 author = {L. Wolsey},
 title = {{I}nteger {P}rogramming},
 publisher = {Wiley-Interscience},
 year = {1998},
}

@Book{NemhauserWolsey*1988,
 author = {G. Nemhauser and L. Wolsey},
 title = {{I}nteger and {C}ombinatorial {O}ptimization},
 publisher = {Wiley-Interscience},
 year = {1988},
}

