@Article{BafnaPevzner*1995,
 author = {V. Bafna and P. A. Pevzner},
 title = {Sorting by {R}eversals: {G}enome {R}earrangements in plant and
                  organelles and evolutionary history of {X}
                  chromossome.},
 journal = {Molecular Biology and Evolution},
 volume = {12},
 number = {2},
 year = {1995},
 pages = {239--246},
}

@Article{BafnaPevzner*1996,
 author = {V. Bafna and P. A. Pevzner},
 title = {Genome Rearrangements and Sorting by Reversals},
 journal = {SIAM Journal on Computing},
 volume = {25},
 number = {2},
 year = {1996},
 issn = {0097-5397},
 pages = {272--289},
 doi = {http://dx.doi.org/10.1137/S0097539793250627},
 publisher = {Society for Industrial and Applied Mathematics},
 address = {Philadelphia, PA, USA},
}

@article{BafnaPevzner*1998,
 author = {V. Bafna and P. A. Pevzner},
 title = {Sorting by Transpositions},
 journal = {SIAM Journal on Discrete Mathematics},
 volume = {11},
 number = {2},
 year = {1998},
 issn = {0895-4801},
 pages = {224--240},
 doi = {http://dx.doi.org/10.1137/S089548019528280X},
 publisher = {Society for Industrial and Applied Mathematics},
 address = {Philadelphia, PA, USA},
}

@Article{PalmerHerbon*1988,
 title = {Plant mitochondrial {DNA} evolves rapidly in structure, but
                  slowly in sequence},
 author = {J. D. Palmer and L. A. Herbon},
 journal = {Journal of Molecular Evolution},
 year = {1988},
 volume = {27},
 pages = {87--97},
}

@Article{DiasDias*2009,
 author = {U. Dias and Z. Dias},
 title = {Constraint Programming Models for Transposition Distance
                  Problem},
 journal = {Lecture Notes on Bioinformatics},
 year = {2009},
 volume = {5676},
 pages = {13--23},
 location = {Porto Alegre, Brazil},
 publisher = {Springer-Verlag},
 address = {Berlin, Heidelberg},
}

@InProceedings{DiasSouza*2007,
 author = {Z. Dias and C. de Souza},
 title = {Polynomial-size {ILP} Models for Rearrangements Distance
                  Problems},
 booktitle = {Proceedings of the Brazilian Symposium on Bioinformatics (BSB'2007)},
 pages = {74--85},
 year = {2007},
}

@article{EliasHartman*2006,
 author = {I. Elias and T. Hartman},
 title = {A 1.375-Approximation Algorithm for Sorting by Transpositions},
 journal = {IEEE/ACM Transactions on Computational Biology Bioinformatics},
 volume = {3},
 number = {4},
 year = {2006},
 issn = {1545-5963},
 pages = {369--379},
 doi = {http://dx.doi.org/10.1109/TCBB.2006.44},
 publisher = {IEEE Computer Society Press},
 address = {Los Alamitos, CA, USA},
}

@inproceedings{Caprara*1997,
 author = {A. Caprara},
 title = {Sorting by reversals is difficult},
 booktitle = {Proceedings of the first annual
                  international conference on Computational molecular
                  biology (RECOMB'97)},
 year = {1997},
 isbn = {0-89791-882-7},
 pages = {75--83},
 location = {Santa Fe, New Mexico, United States},
 doi = {http://doi.acm.org/10.1145/267521.267531},
 publisher = {ACM},
 address = {New York, NY, USA},
}

@inproceedings{BermanHannenhalliKarpinski*2002,
 author={P. Berman and S. Hannenhalli and M. Karpinski},
 title = {1.375-Approximation Algorithm for Sorting by Reversals},
 booktitle = {Proceedings of the 10th Annual European
                  Symposium on Algorithms (ESA'02)},
 year = {2002},
 isbn = {3-540-44180-8},
 pages = {200--210},
 publisher = {Springer-Verlag},
 address = {London, UK},
}

@Book{Marriott*1998,
 author = "K. Marriott and P. J. Stuckey",
 title = "Programming with constraints: an introduction",
 publisher = "MIT Press",
 keywords = "logic programming, constraint satisfaction, graph theory,
                  honours reading",
 year = "1998",
}

@book{AptWallace*2007,
 author = {K. Apt and M. Wallace},
 title = {Constraint Logic Programming using Eclipse},
 year = {2007},
 publisher = {Cambridge University Press},
 address = {New York, NY, USA},
}

@ONLINE{eclipse*2009,
  author = {},
  title = {The {ECL}i{PS}e {C}onstraint {P}rogramming {S}ystem},
  month = {March},
  year = {2009},
  howpublished = {\url{http://www.eclipse-clp.org/}},
}

@ONLINE{glpk*2010,
  author = {},
  title = {GLPK ({GNU} {L}inear {P}rogramming {K}it)},
  year = {2010},
  howpublished = {\url{http://www.gnu.org/software/glpk/}},
}

@Book{Wolsey*1998,
 author = {L. Wolsey},
 title = {{I}nteger {P}rogramming},
 publisher = {Wiley-Interscience},
 year = {1998},
}

@Book{NemhauserWolsey*1988,
 author = {G. Nemhauser and L. Wolsey},
 title = {{I}nteger and {C}ombinatorial {O}ptimization},
 publisher = {Wiley-Interscience},
 year = {1988},
}

@InProceedings{WalterDiasMeidanis*1998,
 author = {M. E. M. T. Walter and Z. Dias and J. Meidanis},
 title = {Reversal and transposition distance of linear chromosomes},
 booktitle = {Proceedings of the String Processing and Information
                  Retrieval (SPIRE'98)},
 year = {1998},
}

@Article{MeidanisWalterDias*2002,
 author = {J. Meidanis and M. E. M. T. Walter and Z. Dias},
 title = {A Lower Bound on the Reversal and Transposition Diameter},
 journal = {Journal of Computational Biology},
 volume = {9},
 number = {5},
 year = {2002},
}

@Article{LinXue*1999,
 author = {G.-H. Lin and G. Xue},
 title = {{S}igned Genome Rearrangement by Reversals and Transpositions:
                  {M}odels and Approximations},
 journal = {Lecture Notes in Computer Science},
 year = {1999},
 volume = {1627},
 pages = {71--80},
 publisher = {Springer Berlin},
 address = {Berlin, Heidelberg},
}

@Book{SetubalMeidanis*1997,
 author = {J. C. Setubal and J. Meidanis},
 title = {Introduction to Computional Molecular Biology},
 booktitle = {Proceedings of the Seventh Workshop on Algorithms and
                  Data Structures (WADS'01)},
 publisher = {PWS Publishing Company},
 year = {1997},
}
